@conference{GDS:2003:Merill,
   author       = "Jason Merill",
   title        = "GENERIC and GIMPLE: A New Tree Representation for Entire Functions",
   booktitle    = "Proceedings of the 2003 GCC Developers' Summit",
   year         = 2003,
   month        = May,
   pages        = "171--180",
   location     = "Ottawa, Canada"
}

@conference{GDS:2004:Hubicka,
   author       = "Jan Hubi\v{c}ka",
   title        = "The GCC call graph module: a framework for inter-procedural optimization",
   booktitle    = "Proceedings of the 2004 GCC Developers' Summit",
   year         = 2004,
   month        = June,
   pages        = "65--78",
   location     = "Ottawa, Canada"
}

@conference{GDS:2005:Dvorak,
   author       = "Zden\v{e}k Dvo\v{r}\'{a}k",
   title        = "Gimplification Improvements",
   booktitle    = "Proceedings of the 2005 GCC Developers' Summit",
   year         = 2005,
   month        = June,
   pages        = "47--56",
   location     = "Ottawa, Canada"
}

@conference{GDS:2005:Grimm,
   author       = "Jon Grimm",
   title        = "Decimal Floating Point Extension for \texttt{C} via decNumber",
   booktitle    = "Proceedings of the 2005 GCC Developers' Summit",
   year         = 2005,
   month        = June,
   pages        = "57--68",
   location     = "Ottawa, Canada"
}

@conference{GDS:2005:Keating,
   author       = "Geoff Keating",
   title        = "Inter-Module Analysis in GCC",
   booktitle    = "Proceedings of the 2005 GCC Developers' Summit",
   year         = 2005,
   month        = June,
   pages        = "125--132",
   location     = "Ottawa, Canada"
}

@conference{GDS:2006:Mulley,
   author       = "Gaius Mulley",
   title        = "A report on the progress of GNU Modula-2 and its potential integration into GCC",
   booktitle    = "Proceedings of the 2006 GCC Developers' Summit",
   year         = 2006,
   month        = June,
   pages        = "109--124",
   location     = "Ottawa, Canada"
}

@conference{GDS:2006:Novillo,
   author       = "Diego Novillo",
   title        = "OpenMP and automatic parallelization in GCC",
   booktitle    = "Proceedings of the 2006 GCC Developers' Summit",
   year         = 2006,
   month        = June,
   pages        = "135--144",
   location     = "Ottawa, Canada"
}

@conference{GDS:2006:Sidwell,
   author       = "Nathan Sidwell and Joseph Myers",
   title        = "Improving Software Floating Point Support",
   booktitle    = "Proceedings of the 2006 GCC Developers' Summit",
   year         = 2006,
   month        = June,
   pages        = "211--218",
   location     = "Ottawa, Canada"
}

@conference{LDS:2006:Novillo,
   author       = "Diego Novillo",
   title        = "GCC--An Architectural Overview, Current Status, and Future Directions",
   booktitle    = "Proceedings of the 2006 Linux Symposium, Volume Two",
   year         = 2006,
   month        = June,
   pages        = "185--200",
   location     = "Ottawa, Canada"
}

@article{LJ:2005:Tromey,
   author = {Tom Tromey},
   title = {Writing a GCC front end},
   journal = {Linux J.},
   volume = {2005},
   number = {133},
   year = {2005},
   issn = {1075-3583},
   pages = {5},
   publisher = {Specialized Systems Consultants, Inc.},
   address = {Seattle, WA, USA},
}

@article{TR:ALGOL60,
   author = {J. W. Backus and F. L. Bauer and J. Green and C. Katz and J. McCarthy and A. J. Perlis and H. Rutishauser and K. Samelson and B. Vauquois and J. H. Wegstein and A. van Wijngaarden and M. Woodger},
   editor = {P. Naur},
   title = {Revised report on the algorithm language ALGOL 60},
   journal = {Commun. ACM},
   volume = {6},
   number = {1},
   year = {1963},
   issn = {0001-0782},
   pages = {1--17},
   doi = {http://doi.acm.org/10.1145/366193.366201},
   publisher = {ACM Press},
   address = {New York, NY, USA}
}

@article{TR:GCCInt,
   author       = "Free Software Foundation",
   title        = "GCC Internals Manual",
   note         = "This electronic document is available online at \url{http://gcc.gnu.org/onlinedocs/gccint/}"
}

@article{TR:GCCUser,
   author       = "Free Software Foundation",
   title        = "GCC Manual",
   note         = "This electronic document is available online at \url{http://gcc.gnu.org/onlinedocs/gcc/}"
}

@article{TR:Itanium,
   author       = "Intel Corporation",
   title        = "Intel\textregistered Itanium\textregistered Architecture Software Developer's Manual"
}

@book{1999:Raymond,
   author = {Raymond, Eric  S. },
   citeulike-article-id = {608462},
   howpublished = {Hardcover},
   isbn = {1565927249},
   keywords = {management opensource programming trustmojo},
   month = {October},
   priority = {0},
   publisher = {O'Reilly},
   title = {The Cathedral and the Bazaar: Musings on Linux and Open Source by an Accidental Revolutionary (O'Reilly Linux)},
   url = {http://www.amazon.co.uk/exec/obidos/ASIN/1565927249/citeulike-21},
   year = {1999}
}

@book{2003:Raymond,
   author = {Eric S. Raymond},
   title = {The Art of UNIX Programming},
   year = {2003},
   isbn = {0131429019},
   publisher = {Pearson Education},
}
